@misc{serverless-preds,
  title={IDC FutureScape: Worldwide IT Industry 2020 Predictions. IDC},
  author={Gens, F and Whalen, M and Mohan, D and Carnelley, P and Carvalho, L and Chen, G and Yesner, R and Dayaratna, A and Della Rosa, F and Wester, J and others},
  year={2019}
}

@article{rise-of-serverless,
  title={The rise of serverless computing},
  author={Castro, Paul and Ishakian, Vatche and Muthusamy, Vinod and Slominski, Aleksander},
  journal={Communications of the ACM},
  volume={62},
  number={12},
  pages={44--54},
  year={2019},
  publisher={ACM New York, NY, USA},
  url={https://dl.acm.org/doi/pdf/10.1145/3368454}
}

@inproceedings{serverless-definition,
  title={Serverless architecture-a revolution in cloud computing},
  author={Rajan, R Arokia Paul},
  booktitle={2018 Tenth International Conference on Advanced Computing (ICoAC)},
  pages={88--93},
  year={2018},
  organization={IEEE}
}

@article{faas-definition,
  title={Serverless Computing: A Survey of Opportunities, Challenges, and Applications},
  author={Shafiei, Hossein and Khonsari, Ahmad and Mousavi, Payam},
  journal={ACM Computing Surveys (CSUR)},
  year={2019},
  publisher={ACM New York, NY}
}

@inproceedings{orleans,
  title={Orleans: cloud computing for everyone},
  author={Bykov, Sergey and Geller, Alan and Kliot, Gabriel and Larus, James R and Pandya, Ravi and Thelin, Jorgen},
  booktitle={Proceedings of the 2nd ACM Symposium on Cloud Computing},
  pages={1--14},
  year={2011}
}

@article{durable-functions,
  title={Durable functions: semantics for stateful serverless.},
  author={Burckhardt, Sebastian and Gillum, Chris and Justo, David and Kallas, Konstantinos and McMahon, Connor and Meiklejohn, Christopher S},
  journal={Proc. ACM Program. Lang.},
  volume={5},
  number={OOPSLA},
  pages={1--27},
  year={2021}
}

@inproceedings{beldi,
  title={Fault-tolerant and transactional stateful serverless workflows},
  author={Zhang, Haoran and Cardoza, Adney and Chen, Peter Baile and Angel, Sebastian and Liu, Vincent},
  booktitle={14th USENIX Symposium on Operating Systems Design and Implementation (OSDI 20)},
  pages={1187--1204},
  year={2020}
}

@incollection{byzantine,
  title={The Byzantine generals problem},
  author={Lamport, Leslie and Shostak, Robert and Pease, Marshall},
  booktitle={Concurrency: the works of leslie lamport},
  pages={203--226},
  year={2019}
}

@book{transaction-definition,
  title={Transaction processing: concepts and techniques},
  author={Gray, Jim and Reuter, Andreas},
  year={1992},
  publisher={Elsevier}
}

@article{apache-flink,
  title={Apache flink: Stream and batch processing in a single engine},
  author={Carbone, Paris and Katsifodimos, Asterios and Ewen, Stephan and Markl, Volker and Haridi, Seif and Tzoumas, Kostas},
  journal={The Bulletin of the Technical Committee on Data Engineering},
  volume={38},
  number={4},
  year={2015},
  publisher={Institute of Electrical and Electronics Engineers (IEEE)}
}

@article{transactions-serverless-functions-leveraging-stateful-dataflows,
  title={Transactions across serverless functions leveraging stateful dataflows},
  author={de Heus, Martijn and Psarakis, Kyriakos and Fragkoulis, Marios and Katsifodimos, Asterios},
  journal={Information Systems},
  volume={108},
  pages={102015},
  year={2022},
  publisher={Elsevier}
}

@inproceedings{faster,
  title={Faster: A concurrent key-value store with in-place updates},
  author={Chandramouli, Badrish and Prasaad, Guna and Kossmann, Donald and Levandoski, Justin and Hunter, James and Barnett, Mike},
  booktitle={Proceedings of the 2018 International Conference on Management of Data},
  pages={275--290},
  year={2018}
}

@article{lsmtree,
  title={The log-structured merge-tree (LSM-tree)},
  author={O’Neil, Patrick and Cheng, Edward and Gawlick, Dieter and O’Neil, Elizabeth},
  journal={Acta Informatica},
  volume={33},
  pages={351--385},
  year={1996},
  publisher={Springer}
}

@misc{leveldb,
  title = {{LevelDB}},
  howpublished = "\url{https://github.com/google/leveldb}",
  note = "[Online]"
}

@misc{rocksdb,
  title = {{RocksDB}},
  howpublished = "\url{https://github.com/google/leveldb}",
  note = "[Online]"
}

@misc{cassandra,
  title = {{Cassandra}},
  howpublished = "\url{https://cassandra.apache.org/}",
  note = "[Online]"
}

@article{lsm-filesystem,
  title={The design and implementation of a log-structured file system},
  author={Rosenblum, Mendel and Ousterhout, John K},
  journal={ACM Transactions on Computer Systems (TOCS)},
  volume={10},
  number={1},
  pages={26--52},
  year={1992},
  publisher={ACM New York, NY, USA}
}

@inproceedings{llama,
  title={LLAMA: A cache/storage subsystem for modern hardware},
  author={Levandoski, Justin and Lomet, David and Sengupta, Sudipta},
  booktitle={Proceedings of the International Conference on Very Large Databases, VLDB 2013},
  year={2013}
}

@misc{redis,
  title = {{Redis}},
  howpublished = "\url{https://redis.com/}",
  note = "[Online]"
}

@misc{gdbm,
  title = {{GNU dbm}},
  howpublished = "\url{https://www.gnu.org.ua/software/gdbm/}",
  note = "[Online]"
}

@article{myrocks,
  title={MyRocks: LSM-tree database storage engine serving facebook's social graph},
  author={Matsunobu, Yoshinori and Dong, Siying and Lee, Herman},
  journal={Proceedings of the VLDB Endowment},
  volume={13},
  number={12},
  pages={3217--3230},
  year={2020},
  publisher={VLDB Endowment}
}

@inproceedings{fence-pointers,
  title={Tree indexing on flash disks},
  author={Li, Yinan and He, Bingsheng and Luo, Qiong and Yi, Ke},
  booktitle={2009 IEEE 25th International Conference on Data Engineering},
  pages={1303--1306},
  year={2009},
  organization={IEEE}
}

@article{bloom-filters,
  title={Theory and practice of bloom filters for distributed systems},
  author={Tarkoma, Sasu and Rothenberg, Christian Esteve and Lagerspetz, Eemil},
  journal={IEEE Communications Surveys \& Tutorials},
  volume={14},
  number={1},
  pages={131--155},
  year={2011},
  publisher={IEEE}
}

@inproceedings{compactionary,
  title={Compactionary: A Dictionary for LSM Compactions},
  author={Sarkar, Subhadeep and Chen, Kaijie and Zhu, Zichen and Athanassoulis, Manos},
  booktitle={Proceedings of the 2022 International Conference on Management of Data},
  pages={2429--2432},
  year={2022}
}

@article{lsm-design-space,
  title={Constructing and analyzing the LSM compaction design space},
  author={Sarkar, Subhadeep and Staratzis, Dimitris and Zhu, Ziehen and Athanassoulis, Manos},
  journal={Proceedings of the VLDB Endowment},
  volume={14},
  number={11},
  year={2021}
}

@article{bitcask,
  title={Bitcask: A log-structured hash table for fast key/value data},
  author={Sheehy, Justin and Smith, David},
  journal={Basho White Paper},
  year={2010}
}

@inproceedings{write-amplification,
  title={Write amplification analysis in flash-based solid state drives},
  author={Hu, Xiao-Yu and Eleftheriou, Evangelos and Haas, Robert and Iliadis, Ilias and Pletka, Roman},
  booktitle={Proceedings of SYSTOR 2009: The Israeli Experimental Systems Conference},
  pages={1--9},
  year={2009}
}

@article{state-management-apache-flink,
  title={State management in Apache Flink{\textregistered}: consistent stateful distributed stream processing},
  author={Carbone, Paris and Ewen, Stephan and F{\'o}ra, Gyula and Haridi, Seif and Richter, Stefan and Tzoumas, Kostas},
  journal={Proceedings of the VLDB Endowment},
  volume={10},
  number={12},
  pages={1718--1729},
  year={2017},
  publisher={VLDB Endowment}
}

@article{snapshots-rollbacks,
  title={Distributed snapshots: Determining global states of distributed systems},
  author={Chandy, K Mani and Lamport, Leslie},
  journal={ACM Transactions on Computer Systems (TOCS)},
  volume={3},
  number={1},
  pages={63--75},
  year={1985},
  publisher={ACM New York, NY, USA}
}

@article{b-tree,
  title={Ubiquitous B-tree},
  author={Comer, Douglas},
  journal={ACM Computing Surveys (CSUR)},
  volume={11},
  number={2},
  pages={121--137},
  year={1979},
  publisher={ACM New York, NY, USA}
}

@article{fractal-trees,
  title={A comparison of fractal trees to log-structured merge (LSM) trees},
  author={Kuszmaul, Bradley C},
  journal={Tokutek White Paper},
  year={2014}
}

@inproceedings{space-amplification,
  title={Optimizing Space Amplification in RocksDB.},
  author={Dong, Siying and Callaghan, Mark and Galanis, Leonidas and Borthakur, Dhruba and Savor, Tony and Strum, Michael},
  booktitle={CIDR},
  volume={3},
  pages={3},
  year={2017}
}

@inproceedings{workload-aware-streaming-state-management,
  title={In support of workload-aware streaming state management},
  author={Kalavri, Vasiliki and Liagouris, John},
  booktitle={Proceedings of the 12th USENIX Conference on Hot Topics in Storage and File Systems},
  pages={19--19},
  year={2020}
}

@inproceedings{spark-steaming,
  title={Structured streaming: A declarative api for real-time applications in apache spark},
  author={Armbrust, Michael and Das, Tathagata and Torres, Joseph and Yavuz, Burak and Zhu, Shixiong and Xin, Reynold and Ghodsi, Ali and Stoica, Ion and Zaharia, Matei},
  booktitle={Proceedings of the 2018 International Conference on Management of Data},
  pages={601--613},
  year={2018}
}

@article{samza,
  title={Samza: stateful scalable stream processing at LinkedIn},
  author={Noghabi, Shadi A and Paramasivam, Kartik and Pan, Yi and Ramesh, Navina and Bringhurst, Jon and Gupta, Indranil and Campbell, Roy H},
  journal={Proceedings of the VLDB Endowment},
  volume={10},
  number={12},
  pages={1634--1645},
  year={2017},
  publisher={VLDB Endowment}
}

@misc{kafka,
  title = {{Apache Kafka}},
  howpublished = "\url{https://cwiki.apache.org/confluence/display/KAFKA/Kafka+Streams+Internal+Data+Management}",
  note = "[Online]"
}

@inproceedings{merkle-trees,
  title={A digital signature based on a conventional encryption function},
  author={Merkle, Ralph C},
  booktitle={Conference on the theory and application of cryptographic techniques},
  pages={369--378},
  year={1987},
  organization={Springer}
}

@phdthesis{crdts,
  title={A comprehensive study of convergent and commutative replicated data types},
  author={Shapiro, Marc and Pregui{\c{c}}a, Nuno and Baquero, Carlos and Zawirski, Marek},
  year={2011},
  school={Inria--Centre Paris-Rocquencourt; INRIA}
}

@article{json-crdt,
  title={A conflict-free replicated JSON datatype},
  author={Kleppmann, Martin and Beresford, Alastair R},
  journal={IEEE Transactions on Parallel and Distributed Systems},
  volume={28},
  number={10},
  pages={2733--2746},
  year={2017},
  publisher={IEEE}
}

@inproceedings{fraser-diff-sync,
  title={Differential synchronization},
  author={Fraser, Neil},
  booktitle={Proceedings of the 9th ACM symposium on Document engineering},
  pages={13--20},
  year={2009}
}

@inproceedings{lsm-monkey,
  title={Monkey: Optimal navigable key-value store},
  author={Dayan, Niv and Athanassoulis, Manos and Idreos, Stratos},
  booktitle={Proceedings of the 2017 ACM International Conference on Management of Data},
  pages={79--94},
  year={2017}
}

@inproceedings{lsm-dostoevsky,
  title={Dostoevsky: Better space-time trade-offs for LSM-tree based key-value stores via adaptive removal of superfluous merging},
  author={Dayan, Niv and Idreos, Stratos},
  booktitle={Proceedings of the 2018 International Conference on Management of Data},
  pages={505--520},
  year={2018}
}

@inproceedings{lsm-wacky,
  title={The log-structured merge-bush \& the wacky continuum},
  author={Dayan, Niv and Idreos, Stratos},
  booktitle={Proceedings of the 2019 International Conference on Management of Data},
  pages={449--466},
  year={2019}
}

@article{lzw,
  title={A technique for high-performance data compression},
  author={Welch, Terry A.},
  journal={Computer},
  volume={17},
  number={06},
  pages={8--19},
  year={1984},
  publisher={IEEE Computer Society}
}
